@STRING(simax="SIAM J. Matrix Anal. Appl.")
@STRING(siamsc="SIAM J. Sci. Stat. Comput.")
@STRING(sisc="SIAM J. Sci. Comput.")
@STRING(siopt="SIAM J. Optim.")
@STRING(siuro="SIAM Undergraduate Research Online")
@STRING(laa="Linear Algebra Appl.")
@STRING(ela="Electron. J. Linear Algebra")
@STRING(bit= "BIT")
@STRING(bitnm="BIT Numer. Math.")
@STRING(sinum="SIAM J. Numer. Anal.")
@STRING(sirev="SIAM Rev.")
@STRING(nlaa="Numer. Lin. Alg. Appl.")
@STRING(nm="Numer. Math.")
@STRING(prl="Phys. Rev. Lett.")
@STRING(etna="Electron. Trans. Numer. Anal")
@STRING(jcam="J. Comput. Appl. Math.")
@STRING(anm="Appl. Numer. Math.")
@STRING(amc="Appl. Math. Comput.")
@STRING(jcp="J. Comput. Phys.")
@STRING(jsc="J. Sci. Comput.")
@STRING(mc="Math. Comput.")
@STRING(imajna="IMA J. Numer. Anal.")
@STRING(acmtoms="ACM Trans. Math. Soft.")
@STRING(j-PARALLEL-COMPUTING="Parallel Comput.")
@STRING(sciap="SIAM J. Appl. Math.")
@STRING(adcm="Adv. Comput. Math.")
@STRING(cpc="Comput. Phys. Commun.")
@STRING(jfm="J. Fluid Mech.")
@STRING(acmtog="ACM Trans. Graph.")
@STRING(camcos="Comm. Appl. Math. Comput. Sci.")
@STRING(ijnmf="Int. J. Numer. Methods Fluids")
@STRING(jam="J. Appl. Mech.")
@STRING(jmps="J. Mech. Phys. Solids")

%%% Intro

@article{CSE_Outlook_SIAM,
    author = {R\"{u}de, Ulrich and Willcox, Karen and McInnes, Lois Curfman and De Sterck, Hans},
    title = {Research and Education in Computational Science and Engineering},
    journal = sirev,
    volume = {60},
    number = {3},
    pages = {707--754},
    year = {2018},
    doi = {10.1137/16M1096840}
}

@techreport{NASA_Vision_2030,
	author = {Slotnick, J P and Khodadoust, A and Alonso, J J and Darmofal, D L and Gropp, W D and Lurie, E A and Mavriplis, D J},
	title = {{CFD} Vision 2030 Study: A Path to Revolutionary Computational Aerosciences},
	journal = {NASA Technical Report},
	number = {NASA/CR-2014-218178},
	year = {2014},
	institution = {NASA Langley Research Center}
}

@article{Moore,
	author = {Moore, Gordon E},
	title = {Cramming more components onto integrated circuits},
	journal = {Electronics},
	volume = {38},
	number = {8},
	pages = {114--117},
	year = {1965}
}

@article{Cooley_65_01,
	author = {Cooley, James W and Tukey, John W},
	title = {An algorithm for the machine calculation of complex {F}ourier series},
	journal = mc,
	volume = {19},
	number = {90},
	pages = {297--301},
	year = {1965},
	doi = {10.1090/S0025-5718-1965-0178586-1}
}

@article{Brandt_77_01,
	author = {Achi Brandt},
	title = {Multi-Level Adaptive Solutions to Boundary-Value Problems},
	journal = mc,
	volume = {31},
	number = {138},
	pages = {333--390},
	year = {1977},
	doi = {10.2307/2006422}
}

@article{Greengard_87_01,
	author = {L Greengard and V Rokhlin},
	title = {A fast algorithm for particle simulations},
	journal = jcp,
	volume = {73},
	number = {2},
	pages = {325--348},
	year = {1987},
	doi = {10.1016/0021-9991(87)90140-9}
}

@article{Chorin_67_01,
	author = {Alexandre Joel Chorin},
	title = {A numerical method for solving incompressible viscous flow problems},
	journal = jcp,
	volume = {2},
	number = {1},
	pages = {12--26},
	year = {1967},
	doi = {10.1016/0021-9991(67)90037-X}
}

@article{Chorin_68_01,
	author = {Alexandre Joel Chorin},
	title = {Numerical Solution of the {N}avier-{S}tokes Equations},
	journal = mc,
	volume = {22},
	number = {104},
	pages = {745--762},
 	year = {1968},
	doi = {10.1090/S0025-5718-1968-0242392-2}
}

@article{Liu_16_01,
	author = {Liu, Haixiang and Mitchell, Nathan and Aanjaneya, Mridul and Sifakis, Eftychios},
	title = {A Scalable {S}chur-Complement Fluids Solver for Heterogeneous Compute Platforms},
	year = {2016},
	volume = {35},
	number = {6},
	doi = {10.1145/2980179.2982430},
	journal = {ACM Trans. Graph.}
}

@article{Courant_28_01,
	title={{\"U}ber die partiellen {D}ifferenzengleichungen der mathematischen {P}hysik},
	author = {Courant, Richard and Friedrichs, Kurt and Lewy, Hans},
	journal = {Math. Ann.},
    volume = {100},
    number = {1},
    pages = {32--74},
    year = {1928},
    doi = {10.1007/BF01448839}
}

@article{Ascher_95_01,
	author = {Ascher, Uri M. and Ruuth, Steven J. and Wetton, Brian T. R.},
	title = {Implicit-Explicit Methods for Time-Dependent Partial Differential Equations},
	journal = sinum,
	volume = {32},
	number = {3},
	pages = {797--823},
	year = {1995},
	doi = {10.1137/0732037}
}

@article{Ruuth_95_01,
	author = {Ruuth, Steven J.},
	title = {Implicit-explicit methods for reaction-diffusion problems in pattern formation},
	year = {1995},
	journal = {J. Math. Biol.},
	pages = {148--176},
	volume = {34},
	number = {2},
	doi = {10.1007/BF00178771}
}

@article{Kassam_05_01,
	author = {Kassam, Aly-Khan and Trefethen, Lloyd N.},
	title = {Fourth-Order Time-Stepping for Stiff {PDE}s},
	journal = sisc,
	volume = {26},
	number = {4},
	pages = {1214--1233},
	year = {2005},
	doi = {10.1137/S1064827502410633}
}

@book{Evans_10_01,
    author = {Evans, L. C.},
	title = {Partial Differential Equations},
    series = {Graduate Studies in Mathematics},
	volume = {19},
	edition = {2nd},
    year = {2010},
    publisher = {American Mathematical Society},
    address = {Providence}
}

@techreport{Reed_73_01,
	author = {Reed, W. H. and Hill, T. R.},
	title = {Triangular mesh methods for the neutron transport equation},
	number = {LA-UR-73-479},
	year = {1973},
	institution = {Los Alamos Scientific Laboratory}
}

@book{Dunkl_14_01,
	author = {Dunkl, Charles F. and Xu, Yuan},
	title = {Orthogonal Polynomials of Several Variables},
	edition = {2nd},
	series = {Encyclopedia of Mathematics and its Applications},
	publisher = {Cambridge University Press},
	address = {Cambridge},
	year = {2014},
	doi = {10.1017/CBO9781107786134},
}

@incollection{Koornwinder_75_01,
	author = {Tom Koornwinder},
	title = {Two-Variable Analogues of the Classical Orthogonal Polynomials},
	editor = {Richard A. Askey},
	booktitle = {Theory and Application of Special Functions},
	publisher = {Academic Press},
	pages = {435--495},
	year = {1975},
	doi = {10.1016/B978-0-12-064850-4.50015-X}
}

@article{Zernike_34_01,
	author = {F. Zernike},
	title = {Beugungstheorie des schneidenver-fahrens und seiner verbesserten form, der phasenkontrastmethode},
	journal = {Physica},
	volume = {1},
	number = {7},
	pages = {689--704},
	year = {1934},
	doi = {10.1016/S0031-8914(34)80259-5},
}

@book{Atkinson_12_01,
	author = {Kendall Atkinson and Weimin Han},
	title = {Spherical Harmonics and Approximations on the Unit Sphere: An Introduction},
	series = {Lecture Notes in Mathematics},
	volume = {2044},
	publisher = {Springer},
	address = {Berlin},
	year = {2012},
	doi = {10.1007/978-3-642-25983-8}
}

@article{Orszag_71_01,
	author = {Orszag, Steven A},
	title = {Accurate solution of the {O}rr--{S}ommerfeld stability equation},
	journal = jfm,
	volume = {50},
	number = {4},
	pages = {689--703},
	year = {1971},
	publisher = {Cambridge University Press},
	doi = {10.1017/S0022112071002842}
}

@book{Orszag_77_01,
	author = {Gottlieb, David and Orszag, Steven A.},
	title = {Numerical Analysis of Spectral Methods},
	publisher = {SIAM},
	address = {Philadelphia},
	year = {1977},
	doi = {10.1137/1.9781611970425}
}

@article{Lanczos_38_01,
	author = {Lanczos, C},
	title = {Trigonometric Interpolation of Empirical and Analytical Functions},
	journal = {J. Math. Phys.},
	volume = {17},
	number = {1-4},
	pages = {123--199},
	year = {1938},
	doi = {10.1002/sapm1938171123}
}

@article{Ortiz_69_01,
	author = {Ortiz, Eduardo L.},
	title = {The Tau Method},
	journal = sinum,
	volume = {6},
	number = {3},
	pages = {480--492},
	year = {1969},
	doi = {10.1137/0706044},
}

@article{Ortiz_81_01,
	author = {Ortiz, E. L. and Samara, H.},
	title = {An operational approach to the {T}au method for the numerical solution of non-linear differential equations},
	journal = {Computing},
	pages = {15--25},
	volume = {27},
	number = {1},
	year = {1981},
	doi = {10.1007/BF02243435}
}

@inproceedings{Rudi_15_01,
	author = {Rudi, Johann and Malossi, A. Cristiano I. and Isaac, Tobin and Stadler, Georg and Gurnis, Michael and Staar, Peter W. J. and Ineichen, Yves and Bekas, Costas and Curioni, Alessandro and Ghattas, Omar},
	title = {An Extreme-Scale Implicit Solver for Complex {PDE}s: Highly Heterogeneous Flow in Earth's Mantle},
	year = {2015},
	publisher = {ACM},
	address = {New York},
	doi = {10.1145/2807591.2807675},
	booktitle = {Proceedings of the International Conference for High Performance Computing, Networking, Storage and Analysis},
	articleno = {5},
	numpages = {12},
	series = {SC '15}
}

@article{LeVeque_13_01,
	author = {Randall J. LeVeque},
	title = {Top Ten Reasons To Not Share Your Code (and why you should anyway)},
	journal = {SIAM News},
	volume = {46},
	number = {3},
	year = {2013},
	url = {https://sinews.siam.org/Details-Page/top-ten-reasons-to-not-share-your-code-and-why-you-should-anyway}
}

@techreport{FUN3D,
	author = {Biedron, Robert T. and Carlson, Jan Renee and Derlaga, Joseph M. and Gnoffo, Peter A. and Hammond, Dana P. and Jones, William T. and Kleb, Bil and Lee-Rausch, Elizabeth M. and Nielsen, Eric J. and Park, Michael A. and Rumsey, Christopher L. and Thomas, James L. and Thompson, Kyle B. and Wood, William A.},
	title = {{FUN3D} Manual: 13.6},
	number = {NASA/TM-2019-220416},
	year = {2019},
	institution = {NASA}
}

@inproceedings{hypre,
    author = {Falgout, Robert D. and Yang, Ulrike Meier},
    title = {hypre: A Library of High Performance Preconditioners},
    year = {2002},
    publisher = {Springer},
    address = {Berlin},
    booktitle = {Proceedings of the International Conference on Computational Science-Part III},
    pages = {632--641},
    numpages = {10},
    series = {ICCS '02}
}

@misc{PETSc_web,
	author = {Satish Balay and Shrirang Abhyankar and Mark~F. Adams and Jed Brown and Peter Brune
                 and Kris Buschelman and Lisandro Dalcin and Alp Dener and Victor Eijkhout and William~D. Gropp
                 and Dmitry Karpeyev and Dinesh Kaushik and Matthew~G. Knepley and Dave~A. May and Lois Curfman McInnes
                 and Richard Tran Mills and Todd Munson and Karl Rupp and Patrick Sanan
                 and Barry~F. Smith and Stefano Zampini and Hong Zhang and Hong Zhang},
	title = {{PETS}c {W}eb page},
	url = {https://www.mcs.anl.gov/petsc},
	year = {2019}
}

@techreport{PETSc_manual,
	author = {Satish Balay and Shrirang Abhyankar and Mark~F. Adams and Jed Brown and Peter Brune
             and Kris Buschelman and Lisandro Dalcin and Alp Dener and Victor Eijkhout and William~D. Gropp
             and Dmitry Karpeyev and Dinesh Kaushik and Matthew~G. Knepley and Dave~A. May and Lois Curfman McInnes
             and Richard Tran Mills and Todd Munson and Karl Rupp and Patrick Sanan
             and Barry~F. Smith and Stefano Zampini and Hong Zhang and Hong Zhang},
	title  = {{PETS}c Users Manual},
	institution = {Argonne National Laboratory},
	year = {2020},
	number = {ANL-95/11 - Revision 3.13},
	url = {https://www.mcs.anl.gov/petsc}
}

@book{lapack,
	author = {Anderson, E. and Bai, Z. and Bischof, C. and Blackford, S. and Demmel, J. and Dongarra, J. and Du Croz, J. and Greenbaum, A. and Hammarling, S. and McKenney, A. and Sorensen, D.},
	title = {{LAPACK} Users' Guide},
	edition = {Third},
	publisher = {SIAM},
	year = {1999},
	address = {Philadelphia}
}

@article{FFTW,
	author = {Frigo, Matteo and Johnson, Steven~G.},
	title = {The Design and Implementation of {FFTW3}},
	journal = {Proceedings of the IEEE},
	year = {2005},
	volume = {93},
	number = {2},
	pages = {216--231},
	note = {Special issue on ``Program Generation, Optimization, and Platform Adaptation''}
}

@article{Fornberg_87_01,
	author = {Bengt Fornberg},
	title = {The pseudospectral method: Comparisons with finite differences for the elastic wave equation},
	journal = {GEOPHYSICS},
	volume = {52},
	number = {4},
	pages = {483--501},
	year = {1987},
	doi = {10.1190/1.1442319}
}

@article{Fornberg_88_01,
	author = {Bengt Fornberg},
	title = {The pseudospectral method: {A}ccurate representation of interfaces in elastic wave calculations},
	journal = {GEOPHYSICS},
	volume = {53},
	number = {5},
	pages = {625--637},
	year = {1988},
	doi = {10.1190/1.1442497}
}

@article{Dedalus,
	author = {Burns, Keaton J. and Vasil, Geoffrey M. and Oishi, Jeffrey S. and Lecoanet, Daniel and Brown, Benjamin P.},
	title = {Dedalus: A flexible framework for numerical simulations with spectral methods},
	journal = {Phys. Rev. Research},
	volume = {2},
	issue = {2},
	pages = {023068},
	numpages = {39},
	year = {2020},
	month = {Apr},
	publisher = {American Physical Society},
	doi = {10.1103/PhysRevResearch.2.023068},
}

@misc{ApproxFun,
	author = {Sheehan Olver},
	howpublished = {GitHub repository},
	url = {https://github.com/JuliaApproximation/ApproxFun.jl}
}

@article{deal.II,
	author = {Bangerth, W. and Hartmann, R. and Kanschat, G.},
	title = {deal.{II}---A General-Purpose Object-Oriented Finite Element Library},
	journal = {ACM Trans. Math. Softw.},
	issue_date = {August 2007},
	publisher = {Association for Computing Machinery},
	address = {New York, NY, USA},
	volume = {33},
	number = {4},
	pages = {24--es},
	year = {2007},
	doi = {10.1145/1268776.1268779}
}

%%% Conclusion

@book{Gurtin_10_01,
	author = {Morton E. Gurtin and Eliot Fried and Lallit Anand},
	title = {The Mechanics and Thermodynamics of Continua},
	publisher = {Cambridge University Press},
	year = {2010}
}

@article{Levin_11_01,
	author = {Levin, David I. W. and Litven, Joshua and Jones, Garrett L. and Sueda, Shinjiro and Pai, Dinesh K.},
	title = {{E}ulerian Solid Simulation with Contact},
	journal = acmtog,
	year = {2011},
	volume = {30},
	number = {4},
	doi = {10.1145/2010324.1964931}
}

@article{Teng_16_01,
	author = {Teng, Yun and Levin, David I. W. and Kim, Theodore},
	title = {{E}ulerian Solid-Fluid Coupling},
	journal = acmtog,
	volume = {35},
	number = {6},
	year = {2016},
	doi = {10.1145/2980179.2980229}
}

@article{Osher_88_01,
	author = {Stanley Osher and James A. Sethian},
	title = {Fronts propagating with curvature-dependent speed: {A}lgorithms based on Hamilton-Jacobi formulations},
	journal = jcp,
	volume = {79},
	number = {1},
	pages = {12--49},
	year = {1988},
	doi = {10.1016/0021-9991(88)90002-2}
}

@book{Sethian_99_01,
	author = {James A. Sethian},
	title = {Level Set Methods and Fast Marching Methods},
	publisher = {Cambridge University Press},
	edition = {2nd},
	year = {1999}
}

@misc{Kamrin_09_01,
	author = {Ken Kamrin and Jean-Christophe Nave},
	title = {An {E}ulerian approach to the simulation of deformable solids: {A}pplication to finite-strain elasticity},
	eprint = {0901.3799},
	eprintclass = {cond-mat.soft},
	year = {2009},
	month = jan
}

@article{Kamrin_12_01,
	author = {Ken Kamrin and Chris H. Rycroft and Jean-Christophe Nave},
	title = {Reference map technique for finite-strain elasticity and fluid–solid interaction},
	journal = jmps,
	volume = {60},
	number = {11},
	pages = {1952--1969},
	year = {2012},
	doi = {10.1016/j.jmps.2012.06.003}
}

@article{Rycroft_20_01,
	author = {Rycroft, Chris H. and Wu, Chen-Hung and Yu, Yue and Kamrin, Ken},
	title = {Reference map technique for incompressible fluid--structure interaction},
	journal = jfm,
	volume = {898},
	eid = {A9},
	publisher = {Cambridge University Press},
	year = {2020},
	doi = {10.1017/jfm.2020.353}
}

@article{Jain_19_01,
	author = {Suhas S. Jain and Ken Kamrin and Ali Mani},
	title = {A conservative and non-dissipative {E}ulerian formulation for the simulation of soft solids in fluids},
	journal = jcp,
	volume = {399},
	year = {2019},
	doi = {10.1016/j.jcp.2019.108922}
}

@article{Dunne_2013,
	author = {Dunne, Thomas},
	title = {An {E}ulerian approach to fluid–structure interaction and goal‐oriented mesh adaptation},
	journal = ijnmf,
	volume = {51},
	number = {9‐10},
	pages = {1017--1039},
	year = {2006},
	doi = {10.1002/fld.1205}
}

@article{Valkov_15_01,
    author = {Valkov, Boris and Rycroft, Chris H. and Kamrin, Ken},
    title = {{E}ulerian Method for Multiphase Interactions of Soft Solid Bodies in Fluids},
    journal = jam,
    volume = {82},
    number = {4},
    year = {2015},
    doi = {10.1115/1.4029765}
}

@article{Govindjee_12_01,
	author = {Sanjay Govindjee and Per-Olof Persson},
	title = {A time-domain Discontinuous {G}alerkin method for mechanical resonator quality factor computations},
	journal = jcp,
	volume = {231},
	number = {19},
	pages = {6380--6392},
	year = {2012},
	doi = {10.1016/j.jcp.2012.05.034}
}

@article{Froehle_14_01,
	author = {Bradley Froehle and Per-Olof Persson},
	title = {High-order accurate fluid--structure simulation of a tuning fork},
	journal = {Comput. Fluids},
	volume = {98},
	pages = {230--238},
	year = {2014},
	doi = {10.1016/j.compfluid.2013.11.009}
}

@article{Gilles_19_01,
	author = {Gilles, Marc Aur\`{e}le and Townsend, Alex},
	title = {Continuous Analogues of {K}rylov Subspace Methods for Differential Operators},
	journal = sinum,
	volume = {57},
	number = {2},
	pages = {899--924},
	year = {2019},
	doi = {10.1137/18M1177810}
}



%%% Multigrid LDG

@article{Antonietti_12_01,
author = {Antonietti, P. and Ayuso de Dios, B. and Brenner, S. and Sung, Li-yeng},
	title = {{S}chwarz Methods for a Preconditioned {WOPSIP} Method for Elliptic Problems},
	journal = {Comput. Methods Appl. Math.},
	year = {2012},
	volume = {12},
	number = {3},
	pages = {241--272},
	doi = {doi:10.2478/cmam-2012-0021}
}

@article{Antonietti_15_01,
	author = {Antonietti, P. and Sarti, M. and Verani, M.},
	title = {Multigrid Algorithms for $hp$-Discontinuous {G}alerkin Discretizations of Elliptic Problems},
	journal = sinum,
	volume = {53},
	number = {1},
	pages = {598--618},
	year = {2015},
	doi = {10.1137/130947015}
}

@article{Antonietti_17_01,
	author = {Antonietti, P. F. and Houston, P. and Hu, X. and Sarti, M. and Verani, M.},
	title = {Multigrid algorithms for $hp$-version interior penalty discontinuous {G}alerkin methods on polygonal and polyhedral meshes},
	journal = {Calcolo},
	year = {2017},
	volume = {54},
	number = {4},
	pages = {1169--1198},
	doi = {10.1007/s10092-017-0223-6}
}

@article{Antonietti_18_01,
	author = {Antonietti, Paola F. and Houston, Paul and Pennesi, Giorgio},
	title = {Fast Numerical Integration on Polytopic Meshes with Applications to Discontinuous {G}alerkin Finite Element Methods},
	journal = jsc,
	year = {2018},
	volume = {77},
	number = {3},
	pages = {1339--1370},
	doi = {10.1007/s10915-018-0802-y}
}

@article{Antonietti_19_01,
	author = {Antonietti, P. F. and Pennesi, G.},
	title = {{V}-cycle Multigrid Algorithms for Discontinuous {G}alerkin Methods on Non-nested Polytopic Meshes},
	journal = jsc,
	year = {2019},
	volume = {78},
	number = {1},
	pages = {625--652},
	doi = {10.1007/s10915-018-0783-x}
}

@article{Arnold_82_01,
	author = {Douglas N. Arnold},
	title = {An Interior Penalty Finite Element Method with Discontinuous Elements},
	journal = sinum,
	volume = {19},
	number = {4},
	pages = {742--760},
	year = {1982},
	doi = {10.1137/0719052}
}

@article{Arnold_02_01,
	author = {Douglas N. Arnold and Franco Brezzi and Bernardo Cockburn and L. Donatella Marini},
	title = {Unified Analysis of Discontinuous {G}alerkin Methods for Elliptic Problems},
	journal = sinum,
	volume = {39},
	number = {5},
	pages = {1749--1779},
	year = {2002},
	doi = {10.1137/S0036142901384162}
}

@article{Bassi_97_01,
	author = {F. Bassi and S. Rebay},
	title = {A High-Order Accurate Discontinuous Finite Element Method for the Numerical Solution of the Compressible {N}avier--{S}tokes Equations},
	journal = jcp,
	volume = {131},
	number = {2},
	pages = {267--279},
	year = {1997},
	doi = {10.1006/jcph.1996.5572}
}

@inproceedings{Bassi_97_02,
  author = {Bassi, Francesco and Rebay, Stefano and Mariotti, G and Pedinotti, Savini and Savini, M},
  title = {A high-order accurate discontinuous finite element method for inviscid and viscous turbomachinery flows},
  booktitle = {Proceedings of the 2nd European Conference on Turbomachinery Fluid Dynamics and Thermodynamics},
  pages = {99--109},
  year = {1997},
  organization = {Technologisch Instituut, Antwerpen, Belgium}
}

@article{Bassi_08_01,
	author = {Bassi, F. and Ghidoni, A. and Rebay, S. and Tesini, P.},
	title = {High-order accurate $p$-multigrid discontinuous {G}alerkin solution of the {E}uler equations},
	journal = ijnmf,
	volume = {60},
	number = {8},
	pages = {847--865},
	year = {2008},
	doi = {10.1002/fld.1917}
}

@article{Bastian_12_01,
	author = {Bastian, Peter and Blatt, Markus and Scheichl, Robert},
	title = {Algebraic multigrid for discontinuous {G}alerkin discretizations of heterogeneous elliptic problems},
	journal = nlaa,
	volume = {19},
	number = {2},
	pages = {367--388},
	year = {2012},
	doi = {10.1002/nla.1816}
}

@article{Botti_17_01,
	author = {L. Botti and A. Colombo and F. Bassi},
	title = {$h$-multigrid agglomeration based solution strategies for discontinuous {G}alerkin discretizations of incompressible flow problems},
	journal = jcp,
	volume = {347},
	pages = {382--415},
	year = {2017},
	doi = {10.1016/j.jcp.2017.07.002}
}

@article{Brenner_05_01,
	author = {Brenner, S. C. and Zhao, J.},
	title = {Convergence of Multigrid Algorithms for Interior Penalty Methods},
	journal = {Appl. Numer. Anal. Comput. Math.},
	volume = {2},
	number = {1},
	pages = {3--18},
	year = {2005},
	doi = {10.1002/anac.200410019}
}

@article{Brenner_09_01,
	author = {Brenner, S. C. and Cui, J. and Sung, L.-Y.},
	title = {Multigrid methods for the symmetric interior penalty method on graded meshes},
	journal = {Numer. Lin. Alg. Appl.},
	volume = {16},
	number = {6},
	pages = {481--501},
	year = {2009},
	doi = {10.1002/nla.630}
}

@article{Brenner_11_01,
	author = {Brenner, S. C. and Cui, J. and Gudi, T. and Sung, L.-Y.},
	title = {Multigrid algorithms for symmetric discontinuous {G}alerkin methods on graded meshes},
	journal = {Numer. Math.},
	year = {2011},
	volume = {119},
	number = {1},
	pages = {21--47},
	doi = {10.1007/s00211-011-0379-y}
}

@article{Brezzi_00_01,
	author = {Brezzi, F. and Manzini, G. and Marini, D. and Pietra, P. and Russo, A.},
	title = {Discontinuous {G}alerkin approximations for elliptic problems},
	journal = {Numerical Methods for Partial Differential Equations},
	volume = {16},
	number = {4},
	year = {2000},
	pages = {365--378},
	doi = {10.1002/1098-2426(200007)16:4<365::AID-NUM2>3.0.CO;2-Y}
}

@article{Brezzi_05_01,
	author = {Brezzi, F. and Hughes, T. J. R. and Marini, L. D. and Masud, A.},
	title = {Mixed Discontinuous {G}alerkin Methods for Darcy Flow},
	journal = jsc,
	year = {2005},
	volume = {22},
	number= {1},
	pages = {119--145},
	doi = {10.1007/s10915-004-4150-8}
}

@book{Briggs_00_01,
	author = {Briggs, William L. and Henson, Van Emden and McCormick, Steve F.},
	title = {A Multigrid Tutorial, Second Edition},
	publisher = {SIAM},
	year = {2000},
	doi = {10.1137/1.9780898719505}
}

@article{Castillo_00_01,
	author = {Castillo, P. and Cockburn, B. and Perugia, I. and Sch\"{o}tzau, D.},
    title = {An A Priori Error Analysis of the Local Discontinuous {G}alerkin Method for Elliptic Problems},
    journal = sinum,
    volume = {38},
    number = {5},
    pages = {1676--1706},
    year = {2000},
    doi = {10.1137/S0036142900371003}
}

@article{Cockburn_98_01,
	author = {Bernardo Cockburn and Chi-Wang Shu},
	title = {The Local Discontinuous {G}alerkin Method for Time-Dependent Convection-Diffusion Systems},
	journal = sinum,
	volume = {35},
	number = {6},
	pages = {2440--2463},
	year = {1998},
	doi = {10.1137/S0036142997316712}
}

@article{Cockburn_01_01,
	author = {Bernardo Cockburn and Guido Kanschat and Ilaria Perugia and Dominik Sch\"{o}tzau},
	title = {Superconvergence of the Local Discontinuous {G}alerkin Method for Elliptic Problems on {C}artesian Grids},
	journal = sinum,
	volume = {39},
	number = {1},
	pages = {264--285},
	year = {2001},
	doi = {10.1137/S0036142900371544}
}

@article{Cockburn_07_01,
	author = {Cockburn, Bernardo and Dong, Bo},
	title = {An Analysis of the Minimal Dissipation Local Discontinuous {G}alerkin Method for Convection--Diffusion Problems},
	journal = jsc,
	year = {2007},
	volume = {32},
	number = {2},
	pages = {233--262},
	doi = {10.1007/s10915-007-9130-3}
}

@article{Cockburn_09_01,
	author = {Cockburn, B. and Gopalakrishnan, J. and Lazarov, R.},
	title = {Unified Hybridization of Discontinuous {G}alerkin, Mixed, and Continuous {G}alerkin Methods for Second Order Elliptic Problems},
	journal = sinum,
	volume = {47},
	number = {2},
	pages = {1319--1365},
	year = {2009},
	doi = {10.1137/070706616}
}

@article{Cockburn_14_01,
	author = {Cockburn, B. and Dubois, O. and Gopalakrishnan, J. and Tan, S.},
	title = {Multigrid for an {HDG} method},
	journal = imajna,
	volume = {34},
	number = {4},
	pages = {1386--1425},
	year = {2014},
	doi = {10.1093/imanum/drt024}
}

@inproceedings{Douglas_76_01,
	author = {Douglas, Jim and Dupont, Todd},
	editor = {Glowinski, R. and Lions, J. L.},
	title = {Interior Penalty Procedures for Elliptic and Parabolic {G}alerkin Methods},
	booktitle = {Computing Methods in Applied Sciences},
	year = {1976},
	publisher = {Springer},
	address = {Berlin},
	pages = {207--216},
	doi = {10.1007/BFb0120591}
}

@article{Fabien_19_01,
	author = {Fabien, Maurice S. and Knepley, Matthew G. and Mills, Richard T. and Rivi\`{e}re, B\'{e}atrice M.},
	title = {Manycore Parallel Computing for a Hybridizable Discontinuous {G}alerkin Nested Multigrid Method},
	journal = sisc,
	volume = {41},
	number = {2},
	pages = {C73--C96},
	year = {2019},
	doi = {10.1137/17M1128903}
}

@article{Fidkowski_05_01,
	author = {Fidkowski, Krzysztof J. and Oliver, Todd A. and Lu, James and Darmofal, David L.},
	title = {$p$-Multigrid Solution of High-order Discontinuous {G}alerkin Discretizations of the Compressible {N}avier--{S}tokes Equations},
	journal = jcp,
	volume = {207},
	number = {1},
	year = {2005},
	pages = {92--113},
	doi = {10.1016/j.jcp.2005.01.005}
}

@article{Fidkowski_14_01,
	author = {Krzysztof J. Fidkowski},
	title = {Algebraic tailoring of discontinuous {G}alerkin $p$-multigrid for convection},
	journal = {Comput. Fluids},
	volume = {98},
	pages = {164--176},
	year = {2014},
	doi = {10.1016/j.compfluid.2014.01.021}
}

@article{Gopalakrishnan_03_01,
	author = {Gopalakrishnan, J. and Kanschat, G.},
	title = {A multilevel discontinuous {G}alerkin method},
	journal = {Numer. Math.},
	year = {2003},
	volume = {95},
	number = {3},
	pages = {527--550},
	doi = {10.1007/s002110200392}
}

@inproceedings{Helenbrook_03_01,
	author = {Brian T. Helenbrook and Dimitri Mavriplis and Harold L. Atkins},
	title = {Analysis of $p$-Multigrid for Continuous and Discontinuous Finite Element Discretizations},
	booktitle = {16th AIAA Computational Fluid Dynamics Conference},
	year = {2003},
	doi = {10.2514/6.2003-3989}
}

@article{Helenbrook_06_01,
	author = {Brian T. Helenbrook and Harold L. Atkins},
	title = {Application of $p$-Multigrid to Discontinuous {G}alerkin Formulations of the {P}oisson Equation},
	journal = {AIAA J.},
	volume = {44},
	number = {3},
	pages = {566--575},
	year = {2006},
	doi = {10.2514/1.15497}
}

@book{Hesthaven_08_01,
	title = {{Nodal Discontinuous Galerkin Methods: Algorithms, Analysis, and Applications}},
	author = {Jan S. Hesthaven and Tim Warburton},
	publisher = {Springer},
	address = {New York},
	series = {Texts in Applied Mathematics},
	volume = {54},
	year = {2008},
	doi = {10.1007/978-0-387-72067-8}
}

@article{Kanschat_03_01,
	author = {Guido Kanschat},
	title = {Preconditioning Methods for Local Discontinuous {G}alerkin Discretizations},
	journal = sisc,
	volume = {25},
	number = {3},
	pages = {815--831},
	year = {2003},
	doi = {10.1137/S1064827502410657}
}

@article{Kanschat_04_01,
	author = {Guido Kanschat},
	title = {Multilevel methods for discontinuous {G}alerkin {FEM} on locally refined meshes},
	journal = {Computers \& Structures},
	volume = {82},
	number = {28},
	pages = {2437--2445},
	year = {2004},
	doi = {10.1016/j.compstruc.2004.04.015}
}

@article{Kanschat_08_01,
	author = {Guido Kanschat},
	title = {Robust smoothers for high-order discontinuous {G}alerkin discretizations of advection--diffusion problems},
	journal = jcam,
	volume = {218},
	number = {1},
	pages = {53--60},
	year = {2008},
	doi = {10.1016/j.cam.2007.04.032}
}

@article{Kraus_07_01,
	author = {Kraus, J. K. and Tomar, S. K.},
	title = {A multilevel method for discontinuous {G}alerkin approximation of three-dimensional anisotropic elliptic problems},
	journal = {Numer. Lin. Alg. Appl.},
	volume = {15},
	number = {5},
	pages = {417--438},
	year = {2007},
	doi = {10.1002/nla.544}
}

@article{Luo_06_01,
	author = {Hong Luo and Joseph D. Baum and Rainald L\"{o}hner},
	title = {A $p$-multigrid discontinuous {G}alerkin method for the {E}uler equations on unstructured grids},
	journal = jcp,
	volume = {211},
	number = {2},
	pages = {767--783},
	year = {2006},
	doi = {10.1016/j.jcp.2005.06.019}
}

@article{Mascarenhas_10_01,
	author = {Brendan S. Mascarenhas and Brian T. Helenbrook and Harold L. Atkins},
	title = {Coupling $p$-multigrid to geometric multigrid for discontinuous {G}alerkin formulations of the convection--diffusion equation},
	journal = jcp,
	volume = {229},
	number = {10},
	pages = {3664--3674},
	year = {2010},
	doi = {10.1016/j.jcp.2010.01.020}
}

@article{Nastase_06_01,
	author = {Cristian R. Nastase and Dimitri J. Mavriplis},
	title = {High-order discontinuous {G}alerkin methods using an $hp$-multigrid approach},
	journal = jcp,
	volume = {213},
	number = {1},
	pages = {330--357},
	year = {2006},
	doi = {10.1016/j.jcp.2005.08.022}
}

@article{Olson_11_01,
	author = {Olson, Luke N. and Schroder, Jacob B.},
	title = {Smoothed aggregation multigrid solvers for high-order discontinuous {G}alerkin methods for elliptic problems},
	journal = jcp,
	year = {2011},
	volume = {230},
	number = {18},
	pages = {6959--6976},
	doi = {10.1016/j.jcp.2011.05.009}
}

@article{Peraire_08_01,
	author = {J. Peraire and P.-O. Persson},
	title = {The Compact Discontinuous {G}alerkin ({CDG}) Method for Elliptic Problems},
	journal = sisc,
	volume = {30},
	number = {4},
	pages = {1806--1824},
	year = {2008},
	doi = {10.1137/070685518}
}

@article{Persson_13_01,
	author = {Per-Olof Persson},
	title = {A sparse and high-order accurate line-based discontinuous {G}alerkin method for unstructured meshes},
	journal = jcp,
	year = 2013,
	volume = 233,
	pages={414--429},
	doi = {10.1016/j.jcp.2012.09.008}
}

@article{Perugia_02_01,
	author = {Perugia, Ilaria and Sch{\"o}tzau, Dominik},
	title = {An $hp$-Analysis of the Local Discontinuous {G}alerkin Method for Diffusion Problems},
	journal = jsc,
	year = {2002},
	volume = {17},
	number = {1},
	pages = {561--571},
	doi = {10.1023/A:1015118613130}
}

@article{Prill_09_01,
	author = {Prill, F. and Luk\'{a}\v{c}ov\'{a}-Medvi\v{d}ov\'{a}, M. and Hartmann, R.},
	title = {Smoothed Aggregation Multigrid for the Discontinuous {G}alerkin Method},
	year = {2009},
	journal = sisc,
	volume = {31},
	number = {5},
	pages = {3503--3528},
	doi = {10.1137/080728457}
}

@article{Saye_14_01,
	author = {Robert I. Saye},
	title = {High-order methods for computing distances to implicitly defined surfaces},
	journal = camcos,
	year = {2014},
	volume = {9},
	number = {1},
	pages = {107--141},
	doi = {10.2140/camcos.2014.9.107}
}

@article{Saye_15_01,
	author = {Robert I. Saye},
	title = {High-Order Quadrature Methods for Implicitly Defined Surfaces and Volumes in Hyperrectangles},
	journal = sisc,
	volume = {37},
	number = {2},
	pages = {A993--A1019},
	year = {2015},
	doi = {10.1137/140966290}
}

@article{Saye_16_01,
	author = {Robert I. Saye},
	title = {Interfacial gauge methods for incompressible fluid dynamics},
	volume = {2},
	number = {6},
	year = {2016},
	doi = {10.1126/sciadv.1501869},
	publisher = {American Association for the Advancement of Science},
	journal = {Science Advances}
}

@article{Saye_17_01,
	author = {Robert I. Saye},
	title = {Implicit mesh discontinuous {G}alerkin methods and interfacial gauge methods for high-order accurate interface dynamics, with applications to surface tension dynamics, rigid body fluid--structure interaction, and free surface flow: Part {I}},
	journal = jcp,
	volume = {344},
	pages = {647--682},
	year = {2017},
	doi = {10.1016/j.jcp.2017.04.076}
}

@article{Saye_17_02,
	author = {Robert I. Saye},
	title = {Implicit mesh discontinuous {G}alerkin methods and interfacial gauge methods for high-order accurate interface dynamics, with applications to surface tension dynamics, rigid body fluid--structure interaction, and free surface flow: Part {II}},
	journal = jcp,
	volume = {344},
	pages = {683--723},
	year = {2017},
	doi = {10.1016/j.jcp.2017.05.003}
}

@article{Saye_19_01,
	author = {Robert I. Saye},
	title = {Efficient Multigrid Solution of Elliptic Interface Problems using Viscosity-Upwinded Local Discontinuous {G}alerkin Methods},
	journal = camcos,
	volume = {14},
	number = {2},
	pages = {247--283},
	year = {2019},
	doi = {10.2140/camcos.2019.14.247}
}

@article{Siefert_14_01,
	author = {Siefert, C. and Tuminaro, R. and Gerstenberger, A. and Scovazzi, G. and Collis, S. S.},
	title = {Algebraic multigrid techniques for discontinuous {G}alerkin methods with varying polynomial order},
	journal = {Comput. Geosci.},
	volume = {18},
	number = {5},
	pages = {597--612},
	year={2014},
	doi = {10.1007/s10596-014-9419-x}
}

@article{Stiller_16_01,
	author = {J\"{o}rg Stiller},
	title = {Robust multigrid for high-order discontinuous {G}alerkin methods: A fast {P}oisson solver suitable for high-aspect ratio {C}artesian grids},
	journal = jcp,
	volume = {327},
	pages = {317--336},
	year = {2016},
	doi = {10.1016/j.jcp.2016.09.041}
}

@inproceedings{Stiller_17_01,
	author = {J\"{o}rg Stiller},
	title = {Robust Multigrid for {C}artesian Interior Penalty {DG} Formulations of the {P}oisson Equation in 3{D}},
	booktitle = {Spectral and High Order Methods for Partial Differential Equations {ICOSAHOM} 2016},
	series = {Lecture Notes in Computational Science and Engineering},
	volume = {119},
	year = {2017},
	pages = {189--201},
	doi = {10.1007/978-3-319-65870-4_12}
}

@article{Sussman_99_01,
	author = {Mark Sussman and Ann S. Almgren and John B. Bell and Phillip Colella and Louis H. Howell and Michael L. Welcome},
	title = {An Adaptive Level Set Approach for Incompressible Two-Phase Flows},
	journal = jcp,
	volume = {148},
	number = {1},
	pages = {81--124},
	year = {1999},
	doi = {10.1006/jcph.1998.6106}
}

@inproceedings{Tatebe_93_01,
	author = {Tatebe, Osamu},
	title = {The multigrid preconditioned conjugate gradient method},
	booktitle = {The Sixth Copper Mountain Conference on Multigrid Methods},
	year = {1993},
	pages = {621--634},
	organization = {NASA Langley Research Center}
}

@article{Yan_02_01,
	author = {Yan, Jue and Shu, Chi-Wang},
	title = {Local Discontinuous {G}alerkin Methods for Partial Differential Equations with Higher Order Derivatives},
	journal = jsc,
	year = {2002},
	volume = {17},
	number = {1},
	pages = {27--47},
	doi = {10.1023/A:1015132126817}
}

@article{Xu_02_01,
	author = {Xu, Jinchao},
	doi = {10.1137/1034116},
	journal = {SIAM Review},
	number = {4},
	pages = {581--613},
	title = {Iterative Methods by Space Decomposition and Subspace Correction},
	volume = {34},
	year = {1992},
}

%%% Fast spectral Poisson

@article{Averbuch_98_01,
	author = {A. Averbuch and M. Israeli and L. Vozovoi},
	title = {A Fast {P}oisson Solver of Arbitrary Order Accuracy in Rectangular Regions},
	journal = sisc,
	volume = {19},
	number = {3},
	pages = {933--952},
	year = {1998},
	doi = {10.1137/S1064827595288589}
}

@article{Bartels_72_01,
	author = {Bartels, R. H. and Stewart, G. W.},
	title = {Solution of the Matrix Equation {$AX + XB = C$}},
	journal = {Commun. ACM},
	issue_date = {Sept. 1972},
	volume = {15},
	number = {9},
	month = sep,
	year = {1972},
	issn = {0001-0782},
	pages = {820--826},
	doi = {10.1145/361573.361582},
	publisher = {ACM}
}

@article{Beckermann_17_01,
	author = {B. Beckermann and A. Townsend},
	title = {On the singular values of matrices with displacement structure},
	journal = simax,
	volume = {38},
	number = {4},
	pages = {1227--1248},
	year = {2017},
	doi = {10.1137/16M1096426}
}

@article{Benner_09_01,
	author = {Benner, Peter and Li, Ren-Cang and Truhar, Ninoslav},
	title = {On the {ADI} Method for {S}ylvester Equations},
	journal = jcam,
	volume = {233},
	number = {4},
	month = dec,
	year = {2009},
	pages = {1035--1045},
	doi = {10.1016/j.cam.2009.08.108}
}

@article{Braverman_98_01,
	author = {E. Braverman and M. Israeli and A. Averbuch and L. Vozovoi},
	title = {A Fast {3D} {P}oisson Solver of Arbitrary Order Accuracy},
	journal = jcp,
	publisher = {Elsevier},
	volume = {144},
	number = {1},
	pages = {109--136},
	year = {1998},
	doi = {10.1006/jcph.1998.6001}
}

@book{Britanak_10_01,
	title = {Discrete Cosine and Sine Transforms: General Properties, Fast Algorithms and Integer Approximations},
	author = {Britanak, Vladimir and Yip, Patrick C and Rao, Kamisetty Ramamohan},
	year = {2010},
	publisher = {Academic Press},
	address = {Oxford}
}

@article{Buzbee_70_01,
	title = {On direct methods for solving {P}oisson's equations},
	author = {Buzbee, Billy L and Golub, Gene H and Nielson, Clair W},
	journal = sinum,
	volume = {7},
	number = {4},
	pages = {627--656},
	year = {1970},
	doi = {10.1137/0707049}
}

@book{Chebfun,
	editor = {T. A. Driscoll and N. Hale and L. N. Trefethen},
	title = {Chebfun Guide},
	year = {2014},
	address = {Oxford},
	publisher = {Pafnuty Publications}
}

@book{Datta_10_01,
	author = {Datta, B. N.},
	title = {Numerical Linear Algebra and Applications},
	edition = {2nd},
	year = {2010},
	publisher = {SIAM},
	address = {Philadelpha, PA}
}

@article{Dimitrov_10_01,
	author = {Dimitar K. Dimitrov and Geno P. Nikolov},
	title = {Sharp bounds for the extreme zeros of classical orthogonal polynomials},
	journal = {J. Approx. Theory},
	volume = {162},
	number = {10},
	pages = {1793--1804},
	year = {2010},
	doi = {10.1016/j.jat.2009.11.006}
}

@article{Dubiner_91_01,
	author = {Dubiner, Moshe},
	title = {Spectral Methods on Triangles and Other Domains},
	journal = jsc,
	volume = {6},
	number = {4},
	year = {1991},
	pages = {345--390},
	doi = {10.1007/BF01060030}
}

@article{Fornberg_95_01,
	author = {Bengt Fornberg},
	title = {A Pseudospectral Approach for Polar and Spherical Geometries},
	journal = sisc,
	volume = {16},
	number = {5},
	pages = {1071-1081},
	year = {1995},
	doi = {10.1137/0916061}
}

@book{Fornberg_98_01,
	author = {Bengt Fornberg},
	title = {A Practical Guide to Pseudospectral Methods},
  	series = {Cambridge Monographs on Applied and Computational Mathematics},
  	year = {1998},
  	publisher = {Cambridge University Press}
}

@article{Gershgorin_31_01,
	author = {S. Gershgorin},
	title = {\"{U}ber die Abgrenzung der Eigenwerte einer Matrix},
	journal = {Bulletin de l'Acad\'{e}mie des Sciences de l'URSS},
	volume = {6},
	year = {1931},
	pages = {749--754}
}

@article{Gholami_16_01,
	author = {A. Gholami and D. Malhotra and H. Sundar and G. Biros},
	title = {{FFT}, {FMM}, or Multigrid? {A} Comparative Study of State-of-the-Art {P}oisson Solvers for Uniform and Nonuniform Grids in the Unit Cube},
	journal = sisc,
	year = {2016},
	volume = {38},
	number = {3},
	pages = {C280--C306},
	doi = {10.1137/15M1010798}
}

@article{Gillman_13_01,
	author = {A. Gillman and P. G. Martinsson},
	title = {A Direct Solver with {$\mathcal{O}(N)$} Complexity for Variable Coefficient Elliptic {PDE}s Discretized via a High-Order Composite Spectral Collocation Method},
	journal = sisc,
	volume = {36},
	number = {4},
	pages = {A2023-A2046},
	year = {2014},
	doi = {10.1137/130918988}
}

@misc{GithubRepoPoisson,
	author = {D. Fortunato and A. Townsend},
	howpublished = {GitHub repository},
	note = {\url{https://github.com/danfortunato/fast-poisson-solvers}},
	year = {2017}
}

@article{Greengard_96_01,
	author = {Leslie Greengard and Lee, {June Yub}},
	title = {A Direct Adaptive {P}oisson Solver of Arbitrary Order Accuracy},
	journal = jcp,
	year = {1996},
	volume = {125},
	number = {2},
	pages = {415--424},
	doi = {10.1006/jcph.1996.0103}
}

@article{Haidvogel_79_01,
	author = {Dale B Haidvogel and Thomas Zang},
	title = {The Accurate Solution of {P}oisson's Equation by Expansion in {C}hebyshev Polynomials},
	journal = jcp,
	year = {1979},
	volume = {30},
	number = {2},
	pages = {167--180},
	doi = {10.1016/0021-9991(79)90097-4}
}

@article{Hale_14_01,
	author = {N. Hale and A. Townsend},
	title = {A Fast, Simple, and Stable {C}hebyshev--{L}egendre Transform Using an Asymptotic Formula},
	journal = sisc,
	year = {2014},
	volume = {36},
	number = {1},
	pages = {A148--A167},
	doi = {10.1137/130932223}
}

@article{Henrici_79_01,
	author = {P. Henrici},
	title = {Fast {F}ourier Methods in Computational Complex Analysis},
	journal = {SIAM Review},
	year = {1979},
	volume = {21},
	number = {4},
	pages = {481--527},
	doi = {10.1137/1021093}
}

@book{Higham_02_01,
	author = {Higham, Nicholas J.},
	title = {Accuracy and Stability of Numerical Algorithms},
	year = {2002},
	edition = {2nd},
	publisher = {SIAM},
	address = {Philadelphia}
}

@article{Lebedev_77_01,
	author = {V. I. Lebedev},
	title = {On a {Z}olotarev problem in the method of alternating directions},
	journal = {USSR Comput. Math. Math. Phys.},
	year = {1977},
	volume = {17},
	number = {2},
	pages = {58--76},
	doi = {10.1016/0041-5553(77)90036-2}
}

@book{LeVeque_07_01,
	author = {R. J. LeVeque},
	title = {Finite Difference Methods for Ordinary and Partial Differential Equations},
	year = {2007},
	doi = {10.1137/1.9780898717839},
	publisher = {SIAM},
	address = {Philadelpha, PA}
}

@article{Lu_91_01,
	author = {A. Lu and E. L. Wachspress},
	title = {Solution of {L}yapunov equations by alternating direction implicit iteration},
	journal = {Comput. Math. Appl.},
	year = {1991},
	volume = {21},
	number = {9},
	pages = {43--58},
	doi = {10.1016/0898-1221(91)90124-M}
}

@article{Mach_12_01,
	title = {How Competitive is the {ADI} for Tensor Structured Equations?},
	author = {T. Mach and J. Saak},
	journal = {PAMM},
	year = {2012},
	volume = {12},
	number = {1},
	pages = {635--636},
	doi = {10.1002/pamm.201210306}
}

@article{Martinsson_05_01,
	author = {P. G. Martinsson and V. Rokhlin and M. Tygert},
	title = {A fast algorithm for the inversion of general {T}oeplitz matrices},
	journal = {Comput. Math. Appl.},
	year = {2005},
	volume = {50},
	number = {5-6},
	pages = {741--751},
	doi = {10.1016/j.camwa.2005.03.011}
}

@article{McKenney_95_01,
	author = {A. McKenney and L. Greengard and A. Mayo},
	title = {A fast {P}oisson solver for complex geometries},
	journal = jcp,
	year = {1995},
	volume = {118},
	number = {2},
	pages = {348--355},
	doi = {10.1006/jcph.1995.1104}
}

@article{Merilees_73_01,
	author = {P. E. Merilees},
	title = {The pseudospectral approximation applied to the shallow water equations on a sphere},
	journal = {Atmosphere},
	year = {1973},
	volume = {11},
	number = {1},
	pages = {13--20},
	doi = {10.1080/00046973.1973.9648342}
}

@inproceedings{Olver_13_01_inf,
	author = {S. Olver and A. Townsend},
	title = {A practical framework for infinite-dimensional linear algebra},
	booktitle = {Proceedings of the 1st First Workshop for High Performance Technical Computing in Dynamic Languages},
	year = {2014},
	pages = {57--69},
	publisher = {IEEE Press},
	address = {Piscataway, NJ, USA},
	doi = {10.1109/HPTCDL.2014.10}
}

@article{Oseledets_11_01,
	author = {Oseledets, I.},
	title = {Tensor-Train Decomposition},
	journal = sisc,
	volume = {33},
	number = {5},
	pages = {2295--2317},
	year = {2011},
	doi = {10.1137/090752286}
}

@article{Oseledets_12_01,
	author = {Oseledets, I. and Dolgov, S.},
	title = {Solution of Linear Systems and Matrix Inversion in the {TT}-Format},
	journal = sisc,
	volume = {34},
	number = {5},
	pages = {A2718--A2739},
	year = {2012},
	doi = {10.1137/110833142}
}

@article{Peaceman_55_01,
	author = {D. W. Peaceman and H. H. Rachford, Jr.},
	title = {The numerical solution of parabolic and elliptic differential equations},
	journal = {J. Soc. Ind. Appl. Math.},
	year = {1955},
	volume = {3},
	number = {1},
	pages = {28--41},
	doi = {10.1137/0103003}
}

@article{Platte_11_01,
	author = {R. B. Platte and L. N. Trefethen and A. B. Kuijlaars},
	title = {Impossibility of fast stable approximation of analytic functions from equispaced samples},
	journal = {SIAM Review},
	year = {2011},
	volume = {53},
	number = {2},
	pages = {308--318},
	doi = {10.1137/090774707}
}

@phdthesis{Sabino_07_01,
	author = {J. Sabino},
	title = {Solution of large-scale {L}yapunov equations via the block modified {S}mith method},
	school = {Rice University},
	year = {2007},
	url = {https://hdl.handle.net/1911/20641}
}

@article{Shen_94_01,
	author = {J. Shen},
	title = {Efficient spectral-{G}alerkin method {I}. {D}irect solvers of second- and fourth-order equations using {L}egendre polynomials},
	journal = sisc,
	year = {1994},
	volume = {15},
	number = {6},
	pages = {1489--1505},
	doi = {10.1137/0915089}
}

@misc{Shi_18_01,
	author = {Shi, Tianyi and Townsend, Alex},
	title = {On the numerical ranks of tensors},
	eprint = {1812.09576},
	eprintclass = {math.NA},
	year = {2020},
	month = {Feb}
}

@article{Torres_99_01,
	author = {D. J. Torres and E. A. Coutsias},
	title = {Pseudospectral Solution of the Two-Dimensional {N}avier--{S}tokes Equations in a Disk},
	journal = sisc,
	year = {1999},
	volume = {21},
	number = {1},
	pages = {378--403},
	doi = {10.1137/S1064827597330157}
}

@article{Townsend_13_01,
	author = {A. Townsend and L. N. Trefethen},
	title = {An extension of {C}hebfun to two dimensions},
	journal = sisc,
	year = {2013},
	volume = {35},
	number = {6},
	pages = {C495--C518},
	doi = {10.1137/130908002}
}

@article{Townsend_16_01,
	author = {A. Townsend and H. Wilber and G. B. Wright},
	title = {Computing with functions in spherical and polar geometries {I}. {T}he sphere},
	journal = sisc,
	year = {2016},
	volume = {38},
	number = {4},
	pages = {C403--C425},
	doi = {10.1137/15M1045855}
}

@article{Townsend_18_01,
	author = {A. Townsend and M. Webb and S. Olver},
	title = {Fast polynomial transforms based on {T}oeplitz and {H}ankel matrices},
	journal = {Math. Comput.},
	pages = {1913--1934},
	volume = {87},
	number = {312},
	year = {2018},
	doi = {10.1090/mcom/3277}
}

@article{Townsend_18_02,
	author = {A. Townsend and H. Wilber},
	title = {On the singular values of matrices with high displacement rank},
	journal = {Lin. Alg. Appl.},
	year = {2018},
	volume = {548},
	pages = {19--41},
	doi = {10.1016/j.laa.2018.02.025}
}

@article{Tuckerman_89_01,
	author = {L. S. Tuckerman},
	title = {Transformations of matrices into banded form},
	journal = jcp,
	year = {1989},
	volume = {84},
	number = {2},
	pages = {360--376},
	doi = {10.1016/0021-9991(89)90238-6}
}

@article{Vogel_16_01,
	author = {J. Vogel and J. Xia and S. Cauley and V. Balakrishnan},
	title = {Superfast divide-and-conquer method and perturbation analysis for structured eigenvalue solutions},
	journal = sisc,
	year = {2016},
	volume = {38},
	number = {3},
	pages = {A1358--A1382},
	doi = {10.1137/15M1018812}
}

@article{Wachspress_94_01,
	author = {E. Wachspress},
	title = {Three-variable alternating-direction-implicit iteration},
	journal = {Comput. Math. with Appl.},
	volume = {27},
	number = {3},
	pages = {1--7},
	year = {1994},
	doi = {10.1016/0898-1221(94)90040-X}
}

@book{Wachspress_13_01,
	author = {E. Wachspress},
	title = {The {ADI} Model Problem},
	year = {2013},
	publisher = {Springer},
	address = {New York},
	doi = {10.1007/978-1-4614-5122-8}
}

@article{Weideman_88_01,
	author = {J. A. C. Weideman and L. N. Trefethen},
	title = {The eigenvalues of second-order spectral differentiation matrices},
	journal = sinum,
	year = {1988},
	volume = {25},
	number = {6},
	pages = {1279--1298},
	doi = {10.1137/0725072}
}

@article{Widlund_66_01,
    author = {Olof B. Widlund},
	journal = {Math. Comput.},
	number = {96},
	pages = {500--515},
	publisher = {American Mathematical Society},
	title = {On the Rate of Convergence of an Alternating Direction Implicit Method in a Noncommutative Case},
	volume = {20},
	year = {1966},
	doi = {10.2307/2003540}
}

@mastersthesis{Wilber_16_01,
	author = {Heather Wilber},
	title = {Numerical Computing with Functions on the Sphere and Disk},
	school = {Boise State University},
	year = {2016},
	url = {https://scholarworks.boisestate.edu/td/1158}
}

@article{Wilber_17_01,
	author = {Heather Wilber and Alex Townsend and Grady B. Wright},
	title = {Computing with Functions in Spherical and Polar Geometries {II}. {T}he Disk},
	journal = sisc,
	volume = {39},
	number = {3},
	pages = {C238--C262},
	year = {2017},
	doi = {10.1137/16M1070207}
}

@article{Zanolli_87_01,
	author = {P. Zanolli},
	title = {Domain decomposition algorithms for spectral methods},
	journal = {Calcolo},
	year = {1987},
	volume = {24},
	number = {3},
	pages = {201--240},
	doi = {10.1007/BF02679107}
}

@article{Zolotarev_1877_01,
	author = {E. I. Zolotarev},
	title = {Application of elliptic functions to questions of functions deviating least and most from zero},
	journal = {Zap. Imp. Akad. Nauk. St. Petersburg},
	year = {1877},
	volume = {30},
	number = {5},
	pages = {1--59}
}

%%% ultraSEM

@article{Ainsworth_97_01,
	author = {Mark Ainsworth and J. Tinsley Oden},
	title = {A posteriori error estimation in finite element analysis},
	journal = {Comput. Methods Appl. Mech. Eng.},
	volume = {142},
	number = {1},
	pages = {1--88},
	year = {1997},
	doi = {10.1016/S0045-7825(96)01107-3}
}

@article{Ainsworth_98_01,
	author = {Mark Ainsworth and Bill Senior},
	title = {An adaptive refinement strategy for $hp$-finite element computations},
	journal = {Appl. Numer. Math.},
	volume = {26},
	number = {1},
	pages = {165--178},
	year = {1998},
	doi = {10.1016/S0168-9274(97)00083-4}
}

@article{Babb_18_01,
	author = {Babb, Tracy and Gillman, Adrianna and Hao, Sijia and Martinsson, Per-Gunnar},
	title = {An accelerated {P}oisson solver based on multidomain spectral discretization},
	journal = bitnm,
	volume = {58},
	number = {4},
	pages = {851--879},
	year = {2018},
	doi = {10.1007/s10543-018-0714-0}
}

@inproceedings{Babb_20_01,
	author = {Babb, Tracy and Martinsson, Per-Gunnar and Appel{\"o}, Daniel},
	title = {{HPS} Accelerated Spectral Solvers for Time Dependent Problems: Part {I}, {A}lgorithms},
	booktitle = {Spectral and High Order Methods for Partial Differential Equations ICOSAHOM 2018},
	editor = {Sherwin, Spencer J. and Moxey, David and Peir{\'o}, Joaquim and Vincent, Peter E. and Schwab, Christoph},
	year = {2020},
	publisher = {Springer International Publishing},
	address = {Cham},
	pages = {131--141},
	doi = {10.1007/978-3-030-39647-3_9}
}

@inproceedings{Babb_20_02,
	author = {Babb, Tracy and Martinsson, Per-Gunnar and Appel{\"o}, Daniel},
	title = {{HPS} Accelerated Spectral Solvers for Time Dependent Problems: Part {II}, {N}umerical Experiments},
	booktitle = {Spectral and High Order Methods for Partial Differential Equations ICOSAHOM 2018},
	editor = {Sherwin, Spencer J. and Moxey, David and Peir{\'o}, Joaquim and Vincent, Peter E. and Schwab, Christoph},
	year = {2020},
	publisher = {Springer International Publishing},
	address = {Cham},
	pages = {155--166},
	doi = {10.1007/978-3-030-39647-3_11}
}

@article{Babuska_86_01,
	author = {I. Babu\v{s}ka and B.Q. Guo},
	title = {The $h$-$p$ version of the finite element method},
	journal = {Comput. Mech.},
	volume = {1},
	number = {1},
	pages = {21--41},
	year = {1986},
	doi = {10.1007/BF00298636}
}

@article{Babuska_87_01,
     author = {Babu\v{s}ka, I. and Suri, Manil},
     title = {The $h$-$p$ version of the finite element method with quasiuniform meshes},
     journal = {ESAIM: Math. Model. Numer. Anal.},
     volume = {21},
     number = {2},
     year = {1987},
     pages = {199--238},
     doi = {10.1051/m2an/1987210201991}
}

@article{Beuchler_06_01,
	author = {Beuchler, S. and Sch\"{o}berl, J.},
	title = {New shape functions for triangular $p$-{FEM} using integrated {J}acobi polynomials},
	journal = nm,
	volume = {103},
	number = {3},
	year = {2006},
	pages = {339--366},
	doi = {10.1007/s00211-006-0681-2}
}

@book{Boyd_01_01,
  title = {{C}hebyshev and {F}ourier Spectral Methods},
  author = {Boyd, J. P.},
  year = {2001},
  publisher = {Dover},
  address = {Mineola}
}

@book{Canuto_07_01,
	address = {Berlin},
	series = {Scientific {Computation}},
	title = {Spectral {Methods}: {Evolution} to {Complex} {Geometries} and {Applications} to {Fluid} {Dynamics}},
	shorttitle = {Spectral {Methods}},
	publisher = {Springer},
	author = {Canuto, Claudio and Quarteroni, Alfio and Hussaini, M. Yousuff and Zang, Thomas A.},
	year = {2007},
	doi = {10.1007/978-3-540-30728-0}
}

@book{Cockburn_00_01,
	author = {Cockburn, B. and Karniadakis, G. E. and Shu, C.-W.},
	title = {Discontinuous Galerkin Methods: Theory, Computation and Applications},
	year = {2000},
	address = {Berlin},
	publisher = {Springer},
	doi = {10.1007/978-3-642-59721-3}
}

@book{Demkowicz_06_01,
	author = {Demkowicz, Leszek},
	title = {Computing with $hp$-Adaptive Finite Elements: Volume 1: One and Two Dimensional Elliptic and Maxwell Problems},
	year = {2006},
	publisher = {CRC Press}
}

@article{Duffy_82_01,
	author = {Duffy, Michael G.},
	title = {Quadrature Over a Pyramid or Cube of Integrands with a Singularity at a Vertex},
	journal = sinum,
	volume = {19},
	number = {6},
	pages = {1260--1262},
	year = {1982},
	doi = {10.1137/0719090}
}

@article{Firedrake,
	author = {Rathgeber, Florian and Ham, David A. and Mitchell, Lawrence and Lange, Michael and Luporini, Fabio and Mcrae, Andrew T. T. and Bercea, Gheorghe-Teodor and Markall, Graham R. and Kelly, Paul H. J.},
	title = {Firedrake: Automating the Finite Element Method by Composing Abstractions},
	journal = acmtoms,
	volume = {43},
	number = {3},
	year = {2016},
	doi = {10.1145/2998441}
}

@article{Fortunato_19_01,
    author = {Fortunato, Daniel and Townsend, Alex},
    title = {Fast {P}oisson solvers for spectral methods},
    journal = imajna,
    volume = {40},
    number = {3},
    pages = {1994--2018},
    year = {2020},
    doi = {10.1093/imanum/drz034}
}

@article{Fortunato_19_02,
	author = {Fortunato, Daniel and Rycroft, Chris H. and Saye, Robert},
	title = {Efficient Operator-Coarsening Multigrid Schemes for Local Discontinuous {G}alerkin Methods},
	journal = sisc,
	volume = {41},
	number = {6},
	pages = {A3913--A3937},
	year = {2019},
	doi = {10.1137/18M1206357}
}

@misc{Fortunato_20_01,
	author = {Fortunato, Daniel and Hale, Nicholas and Townsend, Alex},
	title = {The ultraspherical spectral element method},
	year = {2020},
	month = {Jun},
	eprint = {2006.08756},
	eprintclass = {math.NA}
}

@article{Gander_16_01,
	author = {Martin J. Gander and K\'{e}vin Santugini},
	title = {Cross-points in domain decomposition methods with a finite element discretization},
	journal = {Electron. Trans. Numer. Anal.},
	volume = {45},
	pages = {219--240},
	year = {2016}
}

@article{Geldermans_19_01,
	author = {Geldermans, P. and Gillman, A.},
	title = {An Adaptive High Order Direct Solution Technique for Elliptic Boundary Value Problems},
	journal = sisc,
	volume = {41},
	number = {1},
	pages = {A292--A315},
	year = {2019},
	doi = {10.1137/17M1156320}
}

@article{Gillman_14_01,
	title = {A direct solver with {$O(N)$} complexity for variable coefficient elliptic {PDE}s discretized via a high-order composite spectral collocation method},
	author = {Gillman, Adrianna and Martinsson, Per-Gunnar},
	journal = sisc,
	volume = {36},
	number = {4},
	pages = {A2023--A2046},
	year = {2014},
	doi = {10.1137/130918988}
}

@article{Gillman_14_02,
	author = {Gillman, Adrianna and Martinsson, Per-Gunnar},
	title = {An {$O(N)$} algorithm for constructing the solution operator to {2D} elliptic boundary value problems in the absence of body loads},
	journal = adcm,
	volume = {40},
	number = {4},
	pages = {773--796},
	year = {2014},
	doi = {10.1007/s10444-013-9326-z}
}

@article{Gillman_15_01,
	author = {Gillman, Adrianna and Barnett, Alex H. and Martinsson, Per-Gunnar},
	title = {A spectrally accurate direct solution technique for frequency-domain scattering problems with variable media},
	journal = bitnm,
	volume = {55},
	number = {1},
	pages = {141--170},
	year = {2015},
	doi = {10.1007/s10543-014-0499-8}
}

@misc{GithubRepoUltraSEM,
	author = {D. Fortunato and N. Hale and A. Townsend},
	howpublished = {GitHub repository},
	note = {\url{https://github.com/danfortunato/ultraSEM}},
	year = {2020}
}

@article{Gmsh,
	author = {Geuzaine, Christophe and Remacle, Jean-Fran\c{c}ois},
	title = {{G}msh: A 3-{D} finite element mesh generator with built-in pre- and post-processing facilities},
	journal = {Int. J. Numer. Methods Eng.},
	volume = {79},
	number = {11},
	pages = {1309--1331},
	doi = {10.1002/nme.2579},
	year = {2009}
}

@article{Gopal_19_01,
	author = {Gopal, Abinand and Trefethen, Lloyd N.},
	title = {Solving {L}aplace Problems with Corner Singularities via Rational Functions},
	journal = sinum,
	volume = {57},
	number = {5},
	pages = {2074--2094},
	year = {2019},
	doi = {10.1137/19M125947X}
}

@article{Hao_16_01,
	author = {Hao, Sijia and Martinsson, Per-Gunnar},
	title = {A direct solver for elliptic {PDE}s in three dimensions based on hierarchical merging of {P}oincar\'{e}--{S}teklov operators},
	journal = jcam,
	volume = {308},
	pages = {419--434},
	year = {2016},
	doi = {10.1016/j.cam.2016.05.013}
}

@book{Hughes_12_01,
	title = {The finite element method: linear static and dynamic finite element analysis},
	author = {Hughes, Thomas J.R.},
	year = {2012},
	publisher = {Courier Corporation}
}

@article{Karypis_98_01,
	author = {Karypis, George and Kumar, Vipin},
	title = {A Fast and High Quality Multilevel Scheme for Partitioning Irregular Graphs},
	journal = sisc,
	volume = {20},
	number = {1},
	pages = {359--392},
	year = {1998},
	doi = {10.1137/S1064827595287997}
}

@article{Kovasznay_48_01,
	author = {Kovasznay, L. I. G.},
	title = {Laminar flow behind a two-dimensional grid},
	journal = {Math. Proc. Camb. Philos. Soc.},
	volume = {44},
	number = {1},
	pages = {58--62},
	year = {1948},
	doi = {10.1017/S0305004100023999},
}

@article{Maday_88_01,
	author = {Maday, Yvon and Rafael Mu{\~{n}}oz},
	title = {Spectral element multigrid. {II}. {T}heoretical justification},
	journal = jsc,
	volume = {3},
	number = {4},
	pages = {323--353},
	year = {1988},
	doi = {10.1007/BF01065177}
}

@article{Martinsson_09_01,
	title = {A fast direct solver for a class of elliptic partial differential equations},
	author = {Martinsson, Per-Gunnar},
	journal = jsc,
	volume = {38},
	number = {3},
	pages = {316--330},
	year = {2009},
	doi = {10.1007/s10915-008-9240-6}
}

@article{Martinsson_13_01,
	author = {P.G. Martinsson},
	title = {A direct solver for variable coefficient elliptic {PDE}s discretized via a composite spectral collocation method},
	journal = jcp,
	volume = {242},
	pages = {460--479},
	year = {2013},
	doi = {10.1016/j.jcp.2013.02.019}
}

@book{Martinsson_19_01,
	author = {Martinsson, Per-Gunnar},
	title = {Fast Direct Solvers for Elliptic {PDE}s},
	publisher = {SIAM},
	year = {2019},
	address = {Philadelphia},
	edition = {},
	doi = {10.1137/1.9781611976045}
}

@article{MFEM,
	author = {Robert Anderson and Julian Andrej and Andrew Barker and Jamie Bramwell and Jean-Sylvain Camier and Jakub Cerveny and Veselin Dobrev and Yohann Dudouit and Aaron Fisher and Tzanio Kolev and Will Pazner and Mark Stowell and Vladimir Tomov and Ido Akkerman and Johann Dahm and David Medina and Stefano Zampini},
	title = {{MFEM}: A modular finite element methods library},
	journal = {Comput. Math. Appl.},
	year = {2020},
	doi = {10.1016/j.camwa.2020.06.009}
}

@InProceedings{Mitchell_11_01,
	author = {Mitchell, William F. and McClain, Marjorie A.},
	editor = {Simos, Theodore E.},
	title = {A Survey of $hp$-Adaptive Strategies for Elliptic Partial Differential Equations},
	booktitle = {Recent Advances in Computational and Applied Mathematics},
	year = {2011},
	publisher = {Springer},
	address = {Dordrecht},
	pages = {227--258},
	doi = {10.1007/978-90-481-9981-5_10}
}

@article{Mitchell_13_01,
	author = {William F. Mitchell},
	title = {A collection of {2D} elliptic problems for testing adaptive grid refinement algorithms},
	journal = amc,
	volume = {220},
	pages = {350--364},
	year = {2013},
	doi = {10.1016/j.amc.2013.05.068}
}

@misc{Nek5000,
	title = {Nek5000},
	author = {{Argonne National Laboratory}},
	note = {Version 19.0},
	url = {https://nek5000.mcs.anl.gov},
	urldate = {03/24/2020},
	year = {2020}
}

@article{Nektar,
	author = {C.D. Cantwell and D. Moxey and A. Comerford and A. Bolis and G. Rocco and G. Mengaldo and De Grazia, D. and S. Yakovlev and J.-E. Lombard and D. Ekelschot and B. Jordi and H. Xu and Y. Mohamied and C. Eskilsson and B. Nelson and P. Vos and C. Biotto and R.M. Kirby and S.J. Sherwin},
	title = {Nektar++: {A}n open-source spectral/$hp$ element framework},
	journal = cpc,
	volume = {192},
	pages = {205--219},
	year = {2015},
	doi = {10.1016/j.cpc.2015.02.008}
}

@article{Nektar2,
	author = {David Moxey and Chris D. Cantwell and Yan Bao and Andrea Cassinelli and Giacomo Castiglioni and Sehun Chun and Emilia Juda and Ehsan Kazemi and Kilian Lackhove and Julian Marcon and Gianmarco Mengaldo and Douglas Serson and Michael Turner and Hui Xu and Joaquim Peir\'{o} and Robert M. Kirby and Spencer J. Sherwin},
	title = {Nektar++: {E}nhancing the capability and application of high-fidelity spectral/$hp$ element methods},
	journal = cpc,
	volume = {249},
	year = {2020},
	doi = {10.1016/j.cpc.2019.107110}
}

@book{NISTHandbook,
	author = {F. W. J. Olver and D. W. Lozier and R. F. Boisvert and C. W. Clark},
	title = {NIST Handbook of Mathematical Functions},
	year = {2010},
	publisher = {Cambridge University Press},
	address = {New York}
}

@article{Olver_13_01,
	title = {A fast and well-conditioned spectral method},
	author = {Olver, Sheehan and Townsend, Alex},
	journal = sirev,
	volume = {55},
	number = {3},
	pages = {462--489},
	year = {2013},
	doi = {10.1137/120865458},
}

@article{Olver_19_01,
	author = {Olver, Sheehan and Townsend, Alex and Vasil, Geoffrey},
	title = {A sparse spectral method on triangles},
	journal = sisc,
	year = {2019},
	volume = {41},
	number = {6},
	pages = {A3728--A3756},
	doi = {10.1137/19M1245888}
}

@article{Orszag_80_01,
	author = {Steven A. Orszag},
	title = {Spectral methods for problems in complex geometries},
	journal = jcp,
	volume = {37},
	number = {1},
	pages = {70--92},
	year = {1980},
	doi = {10.1016/0021-9991(80)90005-4}
}

@article{Patera_84_01,
	author = {Anthony T Patera},
	title = {A spectral element method for fluid dynamics: {L}aminar flow in a channel expansion},
	journal = jcp,
	volume = {54},
	number = {3},
	pages = {468--488},
	year = {1984},
	doi = {10.1016/0021-9991(84)90128-1}
}

@misc{Pazner_19_01,
	author = {Will Pazner},
	title = {Efficient low-order refined preconditioners for high-order matrix-free continuous and discontinuous {G}alerkin methods},
	year = {2019},
	month = {Aug},
	eprint = {1908.07071},
	eprintclass = {math.NA}
}

@article{Ronquist_87_01,
	author = {R{\o}nquist, Einar M. and Patera, Anthony T.},
	title = {Spectral element multigrid. {I}. {F}ormulation and numerical results},
	journal = jsc,
	volume = {2},
	number = {4},
	pages = {389--406},
	year = {1987},
	doi = {10.1007/BF01061297}
}

@article{Sherwin_95_01,
	author = {Sherwin, Spencer J. and Karniadakis, George Em},
	title = {A new triangular and tetrahedral basis for high-order ($hp$) finite element methods},
	journal = {Int. J. Numer. Methods Eng.},
	volume = {38},
	number = {22},
	pages = {3775--3802},
	year = {1995},
	doi = {10.1002/nme.1620382204}
}

@book{Sherwin_05_01,
	title = {Spectral/hp element methods for computational fluid dynamics},
	author = {Sherwin, Spencer and Karniadakis, George},
	publisher = {Oxford University Press},
	address = {Oxford},
	year = {2005},
	doi = {10.1093/acprof:oso/9780198528692.001.0001}
}

@article{Townsend_15_01,
	title = {The automatic solution of partial differential equations using a global spectral method},
	author = {Townsend, Alex and Olver, Sheehan},
	journal = jcp,
	volume = {299},
	number = {Supplement C},
	pages = {106--123},
	year = {2015},
	doi = {10.1016/j.jcp.2015.06.031}
}

@book{Trefethen_00_01,
	title = {Spectral Methods in {MATLAB}},
	author = {Lloyd N. Trefethen},
	publisher = {SIAM},
	address = {Philadelphia},
	year = {2000},
	doi = {10.1137/1.9780898719598}
}

@book{ATAP,
	author = {Trefethen, Lloyd N.},
	title = {Approximation Theory and Approximation Practice},
	publisher = {SIAM},
	address = {Philadelphia},
	year = {2012},
}
  
@article{Vos_10_01,
	author = {Peter E.J. Vos and Spencer J. Sherwin and Robert M. Kirby},
	title = {From $h$ to $p$ efficiently: {I}mplementing finite and spectral/$hp$ element methods to achieve optimal performance for low- and high-order discretisations},
	journal = jcp,
	volume = {229},
	number = {13},
	pages = {5161--5181},
	year = {2010},
	doi = {10.1016/j.jcp.2010.03.031}
}

@article{Yeiser_18_01,
	author = {Yeiser, Aaron and Townsend, Alex},
	title = {A spectral element method for meshes with skinny elements},
	journal = siuro,
	vol = {11},
	pages = {421--437},
	year = {2018},
	doi = {10.1137/18S017053}
}

@article{Zhang_18_01,
	author = {Yabin Zhang and Adrianna Gillman},
	title = {A fast direct solver for boundary value problems on locally perturbed geometries},
	journal = jcp,
	volume = {356},
	pages = {356--371},
	year = {2018},
	doi = {10.1016/j.jcp.2017.12.013}
}
